@article{SystematicReview23,
author = {Bustos, Nicolas and Mashhadi, Mehrsa and Lai-Yuen, Susana and Sarkar, Sudeep and Das, Tapas},
year = {2023},
month = {09},
pages = {126804},
title = {A systematic literature review on object detection using near infrared and thermal images},
volume = {560},
journal = {Neurocomputing},
doi = {10.1016/j.neucom.2023.126804}
}

@ONLINE{InfraredCameraMarket,
	author = {{Straits Research}},
	title = {Infrared Camera Market Size, Share \& Trends Analysis Report By Technology (Cooled IR Camera, Uncooled IR Camera), By End-User (Defense and Military, Industrial, Commercial Surveillance, Automotive, BFSI, Healthcare, Residential, Others) and By Region(North America, Europe, APAC, Middle East and Africa, LATAM) Forecasts, 2023-2031},
	year = {2022},
	url = {https://straitsresearch.com/report/infrared-camera-market},
	note = {Last accessed 30 April 2024}
}

@article{girshick2014rcnn,
      title={Rich feature hierarchies for accurate object detection and semantic segmentation}, 
      author={Ross Girshick and Jeff Donahue and Trevor Darrell and Jitendra Malik},
      year={2014},
      eprint={1311.2524},
      archivePrefix={arXiv},
      primaryClass={cs.CV}
}


% BELOW ARE EXAMPLES

@incollection{Autor2013,
  title={Titel-Untertitel},
  author={Doe, Jon and Smith, Jane},
  booktitle={Current Trends in XYZ},
  pages={253--268},
  year={2013},
  publisher={Verlag}
}
@book{Dix04,
	author = {Dix, Alan and Finlay, Janet E. and Abowd, Gregory D. and Beale, Russell},
	title = {Human-Computer Interaction},
	edition = {3.},
	publisher = {Pearson Education Limited},
	address = {Essex, England},
	year = {2004},
	note = {ISBN 0-13-046109-1}
}

@ONLINE{Stanford09,
	author = {Surname, First Name},
	title = {This is a test entry of type {@ONLINE}},
	month = jun,
	year = {2009},
	url = {http://today.slac.stanford.edu/images/2009/colloquium-web-collide.jpg},
	note = {Last accessed 16 July 2013}
}

@misc{Iso9241-11,
	author = {{DIN EN ISO 9241-11}}, 
	type = {Norm},
	number = {DIN EN ISO 9241-11},
	month = {},
	year = {1998},
	title = {Ergonomic requirements for office work with visual display terminals - Part 11: Guidance on usability}
}

# alternative for online resource 
@misc{Patterson2013,
	author = {Patterson, Dave},
	title = {Dave Patterson's Writing Advice},
	year = {2013},
	url = {http://www.cs.berkeley.edu/~pattrsn/talks/writingtips.html},
	note = {Last accessed 16 July 2013}
}


@misc{Hall,
	author = {Hall, Shane},
	title = {How to Cite Page Numbers in APA Format},
	year = {2013},
	url = {http://www.ehow.com/how_5689799_cite-numbers-apa-format.html},
	note = {Last accessed 16 July 2013}
}

@article{Baddeley:1974ts,
	author = {Baddeley, Alan D and Hitch, Graham},
	title = {{Working memory}},
	journal = {Psychology of learning and motivation},
	publisher = {Academic Press},
	year = {1974},
	pages = {47--89}
}




